@article{interactive-optimization-methods,
    title = {An example article},
    author = {Doe, John and Roe, Jane},
    journal = {Journal of Examples},
    volume = {10},
    number = {3},
    pages = {210-215},
    publisher = {Example Pub},
}

